<?xml version="1.0" encoding="UTF-8"?><record xmlns="http://www.loc.gov/MARC21/slim" xmlns:cinclude="http://apache.org/cocoon/include/1.0" xmlns:zs="http://www.loc.gov/zing/srw/">
  <leader>00637nz  a2200181n  4500</leader>
  <controlfield tag="001">no2014074892</controlfield>
  <controlfield tag="003">DLC</controlfield>
  <controlfield tag="005">20140603073504.0</controlfield>
  <controlfield tag="008">140602n| azannaabn          |a aaa     c</controlfield>
  <datafield tag="010" ind1=" " ind2=" ">
    <subfield code="a">no2014074892</subfield>
  </datafield>
  <datafield tag="035" ind1=" " ind2=" ">
    <subfield code="a">(OCoLC)oca09867990</subfield>
  </datafield>
  <datafield tag="040" ind1=" " ind2=" ">
    <subfield code="a">DGU</subfield>
    <subfield code="b">eng</subfield>
    <subfield code="e">rda</subfield>
    <subfield code="c">DGU</subfield>
  </datafield>
  <datafield tag="046" ind1=" " ind2=" ">
    <subfield code="k">2014</subfield>
  </datafield>
  <datafield tag="100" ind1="1" ind2=" ">
    <subfield code="a">Gillett, Aden,</subfield>
    <subfield code="d">1958-</subfield>
    <subfield code="t">Acting on impulse</subfield>
  </datafield>
  <datafield tag="336" ind1=" " ind2=" ">
    <subfield code="a">text</subfield>
    <subfield code="b">txt</subfield>
    <subfield code="2">rdacontent</subfield>
  </datafield>
  <datafield tag="377" ind1=" " ind2=" ">
    <subfield code="a">eng</subfield>
  </datafield>
  <datafield tag="400" ind1="1" ind2=" ">
    <subfield code="a">Gillett, Aden,</subfield>
    <subfield code="d">1958-</subfield>
    <subfield code="t">Acting Stanislavski</subfield>
  </datafield>
  <datafield tag="670" ind1=" " ind2=" ">
    <subfield code="a">Gillett, Aden. Acting Stanislavski, 2014:</subfield>
    <subfield code="b">back cover (new, extended and fully updated edition of Acting on impulse : reclaiming the Stanislavski approach (Methuen Drama, 2007))</subfield>
  </datafield>
</record>